<record><leader>00000cas a22000007a 4500</leader><controlfield tag="001">26794513</controlfield><controlfield tag="008">921016d19771991ctuwr ne      0    0eng d</controlfield><datafield ind1=" " ind2=" " tag="010"><subfield code="a">sn 92051477 </subfield></datafield><datafield ind1=" " ind2=" " tag="040"><subfield code="a">CNW</subfield><subfield code="b">eng</subfield><subfield code="c">CNW</subfield><subfield code="d">OCLCQ</subfield></datafield><datafield ind1=" " ind2=" " tag="042"><subfield code="a">msc</subfield></datafield><datafield ind1="0" ind2=" " tag="130"><subfield code="a">Compass (Mystic, Conn.)</subfield></datafield><datafield ind1="1" ind2="4" tag="245"><subfield code="a">The compass.</subfield></datafield><datafield ind1=" " ind2=" " tag="260"><subfield code="a">Mystic, Conn. :</subfield><subfield code="b">Mystic Publications</subfield></datafield><datafield ind1=" " ind2=" " tag="300"><subfield code="a">v.</subfield></datafield><datafield ind1=" " ind2=" " tag="310"><subfield code="a">Weekly,</subfield><subfield code="b">&lt;Oct. 27, 1982&gt;-1991</subfield></datafield><datafield ind1=" " ind2=" " tag="321"><subfield code="a">Weekly (except Christmas week),</subfield><subfield code="b">1977-&lt;Sept. 22, 1982&gt;</subfield></datafield><datafield ind1="0" ind2=" " tag="362"><subfield code="a">Vol. 13, no. 15 (Apr. 15, 1977)-v. 35, no. 24 (June 5, 1991).</subfield></datafield><datafield ind1=" " ind2=" " tag="530"><subfield code="a">Available on microfilm from New England Micrographics, Marlboro, Mass.</subfield></datafield><datafield ind1=" " ind2=" " tag="580"><subfield code="a">Published a combined issue with: Home news (Uncasville, Conn.), Jan. 3, 1990, and with: Niantic news (Guilford, Conn.), Dec. 31, 1990.</subfield></datafield><datafield ind1=" " ind2="4" tag="651"><subfield code="a">Mystic (Conn.)</subfield><subfield code="v">Newspapers.</subfield></datafield><datafield ind1=" " ind2="4" tag="651"><subfield code="a">Stonington (Conn.)</subfield><subfield code="v">Newspapers.</subfield></datafield><datafield ind1=" " ind2=" " tag="752"><subfield code="a">United States</subfield><subfield code="b">Connecticut</subfield><subfield code="c">New London</subfield><subfield code="d">Mystic.</subfield></datafield><datafield ind1="0" ind2="0" tag="780"><subfield code="t">Compass comment</subfield><subfield code="w">(DLC)sn 92051476</subfield></datafield><datafield ind1="0" ind2="6" tag="780"><subfield code="t">Home news (Uncasville, Conn.)</subfield><subfield code="w">(DLC)sn 85000625</subfield><subfield code="w">(OCoLC)11697819</subfield></datafield><datafield ind1="1" ind2=" " tag="787"><subfield code="t">Niantic news (Guilford, Conn.)</subfield><subfield code="w">(DLC)sn 92051321</subfield><subfield code="w">(OCoLC)26245216</subfield></datafield><datafield ind1="1" ind2=" " tag="029"><subfield code="a">AU@</subfield><subfield code="b">000020729740</subfield></datafield></record>